 
@article{einstein1935,
  title={Can quantum-mechanical description of physical reality be considered complete?},
  author={Einstein, Albert and Podolsky, Boris and Rosen, Nathan},
  journal={Physical review},
  volume={47},
  number={10},
  pages={777},
  year={1935},
  publisher={APS}
}

@article{feynman1948,
  title={Space-time approach to non-relativistic quantum mechanics},
  author={Feynman, Richard Phillips},
  journal={Reviews of Modern Physics},
  volume={20},
  number={2},
  pages={367},
  year={1948},
  publisher={APS}
}

@article{aad2012,
  title={Observation of a new particle in the search for the Standard Model Higgs boson with the ATLAS detector at the LHC},
  author={Aad, Georges and Abajyan, T and Abbott, B and Abdallah, J and Khalek, S Abdel and Abdelalim, AA and Abdinov, O and Aben, R and Abi, B and Abolins, M and others},
  journal={Physics Letters B},
  volume={716},
  number={1},
  pages={1--29},
  year={2012},
  publisher={Elsevier}
}

@article{hughes2005,
  title={Isogeometric analysis: CAD, finite elements, NURBS, exact geometry and mesh refinement},
  author={Hughes, Thomas JR and Cottrell, John A and Bazilevs, Yuri},
  journal={Computer methods in applied mechanics and engineering},
  volume={194},
  number={39},
  pages={4135--4195},
  year={2005},
  publisher={Elsevier}
}
@book{cottrell2009,
  title={Isogeometric analysis: toward integration of CAD and FEA},
  author={Cottrell, J Austin and Hughes, Thomas JR and Bazilevs, Yuri},
  year={2009},
  publisher={John Wiley \& Sons}
}